<record><leader>00000cas a22000007a 4500</leader><controlfield tag="001">42284989</controlfield><controlfield tag="008">990902c19uu9999mauwr n       0   a0eng c</controlfield><datafield ind1=" " ind2=" " tag="010"><subfield code="a">sn 99006002 </subfield></datafield><datafield ind1=" " ind2=" " tag="040"><subfield code="a">NSD</subfield><subfield code="b">eng</subfield><subfield code="c">NSD</subfield><subfield code="d">OCLCQ</subfield></datafield><datafield ind1=" " ind2=" " tag="012"><subfield code="m">0</subfield></datafield><datafield ind1="0" ind2=" " tag="022"><subfield code="a">1526-5331</subfield><subfield code="l">1526-5331</subfield><subfield code="2">1</subfield></datafield><datafield ind1=" " ind2=" " tag="037"><subfield code="b">Alexander C. Belisle, 117 Elm Street, Millsbury, MA 01527</subfield></datafield><datafield ind1=" " ind2=" " tag="042"><subfield code="a">nsdp</subfield><subfield code="a">pcc</subfield></datafield><datafield ind1=" " ind2="4" tag="222"><subfield code="a">The Millbury-Sutton chronicle</subfield></datafield><datafield ind1="0" ind2="4" tag="245"><subfield code="a">The Millbury-Sutton chronicle.</subfield></datafield><datafield ind1=" " ind2=" " tag="260"><subfield code="a">Millsbury, MA :</subfield><subfield code="b">Alexander C. Belisle</subfield></datafield><datafield ind1=" " ind2=" " tag="300"><subfield code="a">v.</subfield></datafield><datafield ind1=" " ind2=" " tag="310"><subfield code="a">Weekly</subfield></datafield><datafield ind1=" " ind2=" " tag="588"><subfield code="a">Description based on: Vol. 14, no. 10 (June 1999).</subfield></datafield><datafield ind1=" " ind2=" " tag="752"><subfield code="a">United States</subfield><subfield code="b">Massachusetts</subfield><subfield code="c">Worcester</subfield><subfield code="d">Millsbury.</subfield></datafield></record>